@article{Other1911,
author = {Other, Alfons and Another, Ben},
doi = {99.9999/JoJJ9.9999},
journal = {J. J. Journaling},
number = {35},
pages = {2600},
title = {{Beautiful title}},
volume = {5},
year = {1911}
}

@article{cit1,
		author = {Potter, Harry and Dumbledore, Albus},
		doi = {10.1143/JPSJ.58.101},
		issn = {0031-9015},
		journal = {Journal of Magical Chemistry},
		number = {1},
		pages = {101--114},
		title = {{Time Evolution of a Quantum System in Contact with a Nearly Gaussian-Markoffian Noise Bath}},
		volume = {58},
		year = {2007}
}
@article{cit2,
	author = {Gandalf, Grey and Saruman, White},
	doi = {10.1143/JPSJ.58.101},
	issn = {0031-9015},
	journal = {Journal of Middle-earth},
	number = {1},
	pages = {5568--9999},
	title = {{Time Evolution of a Quantum System in Contact with a Nearly Gaussian-Markoffian Noise Bath}},
	volume = {3567},
	year = {2012}
}
@article{mendelejev,
	journal = {Zeitschrift f\"ur Chemie},
	author = {Mendeleyev, Dmitry Ivanovich},
	volume = {12},
	year = {1869},
	pages = {405-406},
}
@article {iupac,
      author = "Lars Öhrström and Jan Reedijk",
      title = "Names and symbols of the elements with atomic numbers 113, 115, 117 and 118 (IUPAC Recommendations 2016)",
      journal = "Pure and Applied Chemistry",
      year = "2016",
      volume = "88",
      number = "12",
      doi = "10.1515/pac-2016-0501",
      pages=      "1225 - 1229",
}
